@misc{wiki:iot,
author = "{Wikipedia contributors}",
title = "Internet věcí",
url = "https://cs.wikipedia.org/wiki/Internet_v%C4%9Bc%C3%AD",
note = "[Online; edited 20. 5. 2020]",
cited        = "{22.5.2020}"
}

@webpage{embedded:info,
author =       "OmniSci",
title =        "Embedded System Definition",
howpublished = "online",
publisher =    "OmniSci",
url =          "https://www.omnisci.com/technical-glossary/embedded-systems",
cited        = "{27.5.2020}"
}

@webpage{embedded:figure,
author =       "Swaroop",
title =        "What is Embedded System and How it Works?",
howpublished = "online",
publisher =    "Codrey Electronics",
url =          "https://www.codrey.com/embedded-systems/embedded-systems-introduction/",
cited        = "{27.5.2020}",
year=2020,
month=5,
day=25
}

@misc{mcu:info,
author       = "{Robert Keim}",
title        = {What Is a Microcontroller? The Defining Characteristics and Architecture of a Common Component},
howpublished = {online},
publisher    = "All About Circuits",
cited        = "{21.5.2020}",
year         = {2019},
month        =3,
day          =25,
url          = "https://www.allaboutcircuits.com/technical-articles/what-is-a-microcontroller-introduction-component-characteristics-component/"
}

@misc{json:example,
author       = "{Research Gate}",
title        = "{Epidemiological Data Challenges: Planning for a More Robust Future Through Data Standards - Scientific Figure on ResearchGate.}",
howpublished = {online},
publisher    = "Research Gate",
cited        = "{27.5.2020}",
year         = {2018},
month        =  11,
url          = "https://www.researchgate.net/figure/Sample-epidemiological-case-count-data-in-a-simple-JSON-format-Compared-to-CSV_fig4_329149965"
}

@misc{restful:example,
author       = {Vincy},
title        = {PHP RESTful Web Service API},
howpublished = {online},
publisher    = "PHPPot",
cited        = "{27.5.2020}",
year         = {2019},
month        = 2,
day          = 19,
url          = "https://phppot.com/php/php-restful-web-service/"
}

@misc{oidc:logo,
author       = "{Dilith Vithanage}",
title        = {What is OpenID Connect?},
howpublished = {online},
publisher    = "DeerTek",
cited        = "{27.5.2020}",
year         = {2018},
month        = 9,
day          = 25,
url          = "https://deertek.wordpress.com/2018/09/25/what-is-openid-connect/"
}

@misc{hibernate:logo,
author       = "{Alex Fruzenshtein}",
title        = {Hibernate: @Where clause},
howpublished = {online},
publisher    = "Fruzenshtein Notes",
cited        = "{23.5.2020}",
year         = {2014},
month        = 11,
day          = 25,
url          = "http://fruzenshtein.com/hibernate-where-clause/"
}

@website{esp8266logo,
author       = "JAGElectronicsEnterprise",
title        = {ESP8266 ESP-12E WIFI TRANSCEIVER MODULE},
year         = {2019},
cited        = "{26.5.2020}",
url          = "https://jagelectronicsenterprise.com/product/esp8266-esp-12e-wifi-transceiver-module/"
}

@misc{raspberryLogo,
author       = "{Jan Vítek}",
title        = "{Raspberry Pi 4 má problém s Wi-Fi při využití výstupu na 1440p}",
howpublished = {online},
publisher    = "Svět Hardware",
cited        = "{23.5.2020}",
year         = {2019},
month        = 12,
day          = 2,
url          = "https://www.svethardware.cz/raspberry-pi-4-ma-problem-s-wi-fi-pri-vyuziti-vystupu-na-1440p/50766"
}

@website{keycloak,
author       = "{Keycloak Contributors}",
title        = {Keycloak},
year         = {2020},
cited        = "26.5.2020",
url          = "https://www.keycloak.org/"
}

@website{esp01,
author       = "{Voltspace}",
title        = {ESP-01 ESP8266},
year         = {2020},
cited        = "26.5.2020",
url          = "https://voltspace.in/product/esp-01-esp8266/"
}

@website{wemosFigure,
author       = "{Reichelt}",
title        = {D1 MINI D1 Mini - ESP8266, v3.0},
year         = {2020},
cited        = "26.5.2020",
url          = "https://www.reichelt.com/it/en/d1-mini-esp8266-v3-0-d1-mini-p253978.html?r=1"
}

@misc{wiki:esp,
author = "{Wikipedia contributors}",
title = "ESP8266",
url = "https://en.wikipedia.org/wiki/ESP8266",
note = "[Online; edited 20. 5. 2020]",
cited        = "{23.5.2020}",
}

@misc{wiki:mqtt,
author = "{Wikipedia contributors}",
title = "MQTT",
url = "https://en.wikipedia.org/wiki/MQTT",
note = "[Online; edited 30. 4. 2020]",
cited        = "{27.5.2020}",
}

@misc{mqtt:info,
author = "{Ably}",
title = "Everything You Need To Know About Publish/Subscribe",
cited        = "{27.5.2020}",
url = "https://www.ably.io/concepts/pub-sub",
}

@misc{quarkus:infoDev,
author       = "{Jason Greene}",
title        = "{Introducing Quarkus: a next-generation Kubernetes native Java framework}",
howpublished = {online},
cited        = "{27.5.2020}",
year         = {2019},
url          = {https://developers.redhat.com/blog/2019/03/07/quarkus-next-generation-kubernetes-native-java-framework/},
}

@webpage{quarkus:website,
  author =       "Quarkus",
  title =        "Quarkus",
  howpublished = "online",
  publisher =    "Quarkus",
  url =          "https://quarkus.io/",
}


@misc{wiki:vertx,
author = "{Wikipedia contributors}",
title = "Vert.x",
cited        = "{27.5.2020}",
url = "https://en.wikipedia.org/wiki/Vert.x"
}

@misc{terminy:oidc,
author       = {Auth0},
title        = {OpenID Connect},
howpublished = {online},
cited        = "{27.5.2020}",
url          = "https://auth0.com/docs/protocols/oidc",
}

@misc{use_case:info,
author = "{Wikipedia contributors}",
title = "Diagram užití",
cited        = "{27.5.2020}",
url = "https://cs.wikipedia.org/wiki/Diagram_u%C5%BEit%C3%AD"
}

@misc{postgres:tutorial,
author       = {PostgreSQLTutorial},
title        = {What is PostgreSQL?},
howpublished = {online},
cited        = "{27.5.2020}",
url           = "https://www.postgresqltutorial.com/what-is-postgresql/"
}

@misc{postgres:wiki,
author       = "{Pavel Stěhule}",
title        = {PostgreSQL},
howpublished = {online},
cited        = "{25.5.2020}",
url           = "https://postgres.cz/wiki/PostgreSQL"
}

@misc{restful:info,
author = "{RESTful API website contributors}",
title = "What is REST",
cited        = "{27.5.2020}",
url = "https://restfulapi.net/",
}

@misc{mqtt:hivemq,
author       = "{HiveMQ team}",
title        = {HiveMQ - MQTT over Websockets},
howpublished = {online},
cited        = "{27.5.2020}",
year         = {2013},
month        = 8,
day          = 28,
url          = "https://www.hivemq.com/blog/mqtt-over-websockets-with-hivemq/"
}

@misc{react:info,
author = "{Wikipedia contributors}",
title = "React (web framework)",
cited        = "{25.5.2020}",
url = "https://en.wikipedia.org/wiki/React_(web_framework)"
}

@misc{mobx:info,
author       = "{MobX team and contributors}",
title        = {MobX Introduction},
howpublished = {online},
cited        = "{27.5.2020}",
url          = "https://mobx.js.org/README.html"
}

@misc{hivemq:info,
author       = "{HiveMQ team}",
title        = {HiveMQ MQTT Broker},
howpublished = {online},
cited        = "{27.5.2020}",
url          = "https://www.hivemq.com/hivemq/"
}

@misc{paho:info,
author       = "{Ian Craggs, Andy Piper, Al Stockdill-Mander, Nicholas O'Leary a další}",
title        = {Paho},
howpublished = {online},
cited        = "{25.5.2020}",
year         = {2015},
url          = "https://wiki.eclipse.org/Paho"
}











